@book{talbi,
    title = {Metaheuristics from design to implementation},
    author = {El-Ghazali Talbi},
    year = {2009},
    publisher = {John Wiley \& Sons, Inc},
}

@book{meta,
  author         = {Abraham P. Punnen (auth.), Gregory Gutin,Abraham P. Punnen},
  editor         = {
      Ding-Zhu Du, University of Minnesota Panos M. Pardalos, University of Florida
    },
  publisher      = {Kluwer Academic Publishers Dordrecht},
  title          = {The Traveling Salesman Problem and ItsVariations},
  year           = {2002}
}